<record><leader>00000cas a2200000 a 4500</leader><controlfield tag="001">39366679</controlfield><controlfield tag="008">980629c189u9999sduwr ne      0    0eng d</controlfield><datafield ind1=" " ind2=" " tag="010"><subfield code="a">sn 99062850 </subfield></datafield><datafield ind1=" " ind2=" " tag="040"><subfield code="a">SDB</subfield><subfield code="b">eng</subfield><subfield code="c">SDB</subfield><subfield code="d">SXN</subfield><subfield code="d">OCL</subfield><subfield code="d">OCLCQ</subfield><subfield code="d">OCLCF</subfield><subfield code="d">OCLCO</subfield></datafield><datafield ind1="1" ind2=" " tag="029"><subfield code="a">AU@</subfield><subfield code="b">000020107566</subfield></datafield><datafield ind1=" " ind2=" " tag="042"><subfield code="a">msc</subfield></datafield><datafield ind1=" " ind2=" " tag="043"><subfield code="a">n-us-sd</subfield></datafield><datafield ind1=" " ind2=" " tag="052"><subfield code="a">4184</subfield><subfield code="b">E87</subfield></datafield><datafield ind1="0" ind2="4" tag="245"><subfield code="a">The northwest-blade.</subfield></datafield><datafield ind1=" " ind2=" " tag="260"><subfield code="a">Eureka, McPherson County, S.D. :</subfield><subfield code="b">Northwest Blade Pub. Co.</subfield></datafield><datafield ind1=" " ind2=" " tag="300"><subfield code="a">v.</subfield></datafield><datafield ind1=" " ind2=" " tag="310"><subfield code="a">Weekly</subfield></datafield><datafield ind1=" " ind2=" " tag="515"><subfield code="a">Vol. numbering irregular.</subfield></datafield><datafield ind1=" " ind2=" " tag="530"><subfield code="a">Available on microfilm from: State Archives, South Dakota State Historical Society.</subfield></datafield><datafield ind1=" " ind2=" " tag="580"><subfield code="a">Formed by the union of: Northwest (Leola, S.D.), and: Leola blade.</subfield></datafield><datafield ind1=" " ind2=" " tag="588"><subfield code="a">Description based on: Vol. 10, no. 51 (Apr. 12, 1894).</subfield></datafield><datafield ind1=" " ind2="0" tag="651"><subfield code="a">Eureka (S.D.)</subfield><subfield code="v">Newspapers.</subfield></datafield><datafield ind1=" " ind2="0" tag="651"><subfield code="a">McPherson County (S.D.)</subfield><subfield code="v">Newspapers.</subfield></datafield><datafield ind1=" " ind2="7" tag="655"><subfield code="a">Newspapers.</subfield><subfield code="2">fast</subfield><subfield code="0">(OCoLC)fst01423814</subfield></datafield><datafield ind1=" " ind2="7" tag="651"><subfield code="a">South Dakota</subfield><subfield code="z">Eureka.</subfield><subfield code="2">fast</subfield><subfield code="0">(OCoLC)fst01214793</subfield></datafield><datafield ind1=" " ind2="7" tag="651"><subfield code="a">South Dakota</subfield><subfield code="z">McPherson County.</subfield><subfield code="2">fast</subfield><subfield code="0">(OCoLC)fst01215806</subfield></datafield><datafield ind1=" " ind2=" " tag="752"><subfield code="a">United States</subfield><subfield code="b">South Dakota</subfield><subfield code="c">McPherson</subfield><subfield code="d">Eureka.</subfield></datafield><datafield ind1="1" ind2="4" tag="780"><subfield code="t">Northwest (Leola, S.D.)</subfield><subfield code="w">(DLC)sn 99062852</subfield></datafield><datafield ind1="1" ind2="4" tag="780"><subfield code="t">Leola blade</subfield><subfield code="w">(DLC)sn 99062851</subfield></datafield></record>